<?xml version="1.0" encoding="UTF-8"?><record xmlns="http://www.loc.gov/MARC21/slim" xmlns:cinclude="http://apache.org/cocoon/include/1.0" xmlns:zs="http://www.loc.gov/zing/srw/">
  <leader>00427cz  a2200133n  4500</leader>
  <controlfield tag="001">n 2003054722</controlfield>
  <controlfield tag="003">DLC</controlfield>
  <controlfield tag="005">20111216074748.0</controlfield>
  <controlfield tag="008">030924n| acannaabn          |a aaa      </controlfield>
  <datafield tag="010" ind1=" " ind2=" ">
    <subfield code="a">n 2003054722</subfield>
    <subfield code="z">n 2011185495</subfield>
  </datafield>
  <datafield tag="040" ind1=" " ind2=" ">
    <subfield code="a">DLC</subfield>
    <subfield code="b">eng</subfield>
    <subfield code="c">DLC</subfield>
    <subfield code="d">DLC</subfield>
  </datafield>
  <datafield tag="100" ind1="1" ind2=" ">
    <subfield code="a">Steinberg, Maurice</subfield>
  </datafield>
  <datafield tag="400" ind1="1" ind2=" ">
    <subfield code="a">Steinberg, Moe</subfield>
  </datafield>
  <datafield tag="670" ind1=" " ind2=" ">
    <subfield code="a">A sailor at war, c2002:</subfield>
    <subfield code="b">t.p. (Maurice "Moe" Steinberg, RM 3/c, U.S. Coast Guard) p. 17 (18 yrs. old on Dec. 7, 1941)</subfield>
  </datafield>
</record>